

  @Manual{Texevier,
    title = {{Texevier}: {P}ackage to create Elsevier templates for Rmarkdown},
    author = {N.F. Katzke},
    organization = {Bureau for Economic Research},
    address = {Stellenbosch, South Africa},
    note = {version 0.1.2},
    year = {2017},
  }

  @article{stekhoven2012missforest,
  title={MissForestâ€”non-parametric missing value imputation for mixed-type data},
  author={Stekhoven, Daniel J and B{\"u}hlmann, Peter},
  journal={Bioinformatics},
  volume={28},
  number={1},
  pages={112--118},
  year={2012},
  publisher={Oxford University Press}
}

@article{tang2017random,
  title={Random forest missing data algorithms},
  author={Tang, Fei and Ishwaran, Hemant},
  journal={Statistical Analysis and Data Mining: The ASA Data Science Journal},
  volume={10},
  number={6},
  pages={363--377},
  year={2017},
  publisher={Wiley Online Library}
}

@article{nids2020,
  title={National Income Dynamics Study--Coronavirus Rapid Mobile Survey (NIDS-CRAM) panel user manual},
  author={Ingle, K and Brophy, T and Daniels, RC},
  journal={Technical Note Version},
  volume={1},
  year={2020}
}

@book{boehmke,
  title={Hands-on machine learning with R},
  author={Boehmke, Brad and Greenwell, Brandon M},
  year={2019},
  publisher={CRC Press}
}
